@article{Cheng2008111,
title = "New prediction methods for \{CO2\} evaporation inside tubes: Part I – A two-phase flow pattern map and a flow pattern based phenomenological model for two-phase flow frictional pressure drops ",
journal = "International Journal of Heat and Mass Transfer ",
volume = "51",
number = "1–2",
pages = "111 - 124",
year = "2008",
note = "",
issn = "0017-9310",
doi = "http://dx.doi.org/10.1016/j.ijheatmasstransfer.2007.04.002",
url = "http://www.sciencedirect.com/science/article/pii/S0017931007002839",
author = "Lixin Cheng and Gherhardt Ribatski and Jesús Moreno Quibén and John R. Thome",
keywords = "Model",
keywords = "Flow pattern map",
keywords = "Flow patterns",
keywords = "Phenomenological",
keywords = "Flow boiling",
keywords = "Two-phase flow",
keywords = "Frictional pressure drop",
keywords = "Macro-channel",
keywords = "Micro-channel",
keywords = "\{CO2\} "
}

@CONFERENCE{Daguin 2012
AUTHOR=" Jerome Daguin and others,"
TITLE = "Evaporative CO2 Cooling System for the Upgrade of the CMS Pixel Detector at CERN",
BOOKTITLE = "10th IIR Gustav Lorentzen Conference on Natural Refrigerants",
YEAR="2012",
NOTE="Paper No. 188.",
}
@article{Zhao 2013,
title = "Recognition and measurement in the flow pattern and void fraction of gas–liquid two-phase flow in vertical upward pipes using the gamma densitometer ",
journal = "Applied Thermal Engineering ",
volume = "60",
number = "1–2",
pages = "398 - 410",
year = "2013",
note = "",
issn = "1359-4311",
doi = "http://dx.doi.org/10.1016/j.applthermaleng.2013.07.006",
url = "http://www.sciencedirect.com/science/article/pii/S1359431113004948",
author = "Yu Zhao and Qincheng Bi and Richa Hu",
keywords = "Two-phase flow",
keywords = "Vertical upward flow",
keywords = "Flow pattern recognition",
keywords = "Void fraction measurement",
keywords = "Gamma densitometer "
}






